@article{Anandkumar2012,
archivePrefix = {arXiv},
arxivId = {arXiv:1204.6703v3},
author = {Anandkumar, Animashree and Foster, DP and Hsu, Daniel},
eprint = {arXiv:1204.6703v3},
file = {:home/diberk/Documents/papers/1204.6703v3.pdf:pdf},
journal = {Arxiv preprint arXiv: \ldots},
title = {{Two SVDs Suffice: Spectral decompositions for probabilistic topic modeling and latent Dirichlet allocation}},
url = {http://arxiv.org/abs/1204.6703},
year = {2012}
}
@article{Blei2003a,
author = {Blei, David M and Ng, Andrew Y and Jordan, Michael I},
file = {:home/diberk/Documents/papers/BleiNgJordan2003.pdf:pdf},
journal = {The Journal of Machine Learning Research},
pages = {993--1022},
title = {{Latent Dirichlet Allocation}},
volume = {3},
year = {2003}
}
@inproceedings{Kleinberg2003,
author = {Kleinberg, Jon and Sandler, Mark},
booktitle = {EC},
file = {:home/diberk/.local/share/data/Mendeley Ltd./Mendeley Desktop/Downloaded/Kleinberg, Sandler - 2003 - Convergent Algorithms for Collaborative Filtering ( Extended Abstract ).pdf:pdf},
isbn = {158113679X},
keywords = {collaborative filtering,latent class models,mixture model},
title = {{Convergent Algorithms for Collaborative Filtering ( Extended Abstract )}},
year = {2003}
}
@inproceedings{Blei2003,
author = {Blei, David M and Jordan, Michael I and Griffiths, Thomas L and Tenenbaum, Joshua B},
booktitle = {NIPS},
file = {:home/diberk/Documents/papers/NIPS2003\_AA03.pdf:pdf},
keywords = {HLDA},
title = {{Hierarchical Topic Models and the Nested Chinese Restaurant Process}},
year = {2003}
}
@inproceedings{Kleinberg2004,
author = {Kleinberg, Jon and Sandler, Mark},
booktitle = {STOC},
file = {:home/diberk/.local/share/data/Mendeley Ltd./Mendeley Desktop/Downloaded/Kleinberg, Sandler - 2004 - Using Mixture Models for Collaborative Filtering.pdf:pdf},
pages = {569 -- 578},
title = {{Using Mixture Models for Collaborative Filtering}},
url = {http://citeseerx.ist.psu.edu/viewdoc/summary?doi=10.1.1.10.8730},
year = {2004}
}
@inproceedings{Canny2004,
author = {Canny, John},
booktitle = {SIGIR},
file = {:home/diberk/Documents/papers/SIGIR2004.pdf:pdf},
isbn = {1581138814},
keywords = {latent semantic analysis,probabilistic models,topic models},
title = {{GaP : A Factor Model for Discrete Data}},
year = {2004}
}
@inproceedings{Arora2012,
archivePrefix = {arXiv},
arxivId = {arXiv:1204.1956v2},
author = {Arora, Sanjeev and Ge, Rong and Moitra, Ankur},
eprint = {arXiv:1204.1956v2},
file = {:home/diberk/Documents/papers/1204.1956v2.pdf:pdf},
title = {{Learning Topic Models — Going beyond SVD}},
year = {2012}
}
@inproceedings{Arora2012a,
archivePrefix = {arXiv},
arxivId = {arXiv:1111.0952v1},
author = {Arora, Sanjeev and Ge, Rong and Moitra, Ankur and Kannan, Ravi},
booktitle = {STOC},
eprint = {arXiv:1111.0952v1},
file = {:home/diberk/.local/share/data/Mendeley Ltd./Mendeley Desktop/Downloaded/Arora et al. - 2012 - Computing a Nonnegative Matrix Factorization – Provably.pdf:pdf},
title = {{Computing a Nonnegative Matrix Factorization – Provably}},
year = {2012}
}
@inproceedings{Dasgupta2005,
author = {Dasgupta, A. and Hopcroft, J. and Kleinberg, J. and Sandler, M.},
booktitle = {FOCS},
doi = {10.1109/SFCS.2005.56},
file = {:home/diberk/.local/share/data/Mendeley Ltd./Mendeley Desktop/Downloaded/Dasgupta et al. - 2005 - On Learning Mixtures of Heavy-Tailed Distributions.pdf:pdf},
isbn = {0-7695-2468-0},
pages = {491--500},
publisher = {Ieee},
title = {{On Learning Mixtures of Heavy-Tailed Distributions}},
url = {http://ieeexplore.ieee.org/lpdocs/epic03/wrapper.htm?arnumber=1530741},
year = {2005}
}
@inproceedings{Papadimitriou1997,
author = {Papadimitriou, Christos H and Raghavan, Prabhakar and Tamaki, Hisao and Vempala, Santosh},
booktitle = {PODS},
file = {:home/diberk/.local/share/data/Mendeley Ltd./Mendeley Desktop/Downloaded/Papadimitriou et al. - 1997 - Latent Semantic Indexing A Probabilistic Analysis.pdf:pdf},
title = {{Latent Semantic Indexing : A Probabilistic Analysis}},
year = {1997}
}
@inproceedings{Hofmann1999,
author = {Hofmann, Thomas},
booktitle = {SIGIR},
file = {:home/diberk/.local/share/data/Mendeley Ltd./Mendeley Desktop/Downloaded/Hofmann - 1999 - Probabilistic Latent Semantic Indexing.pdf:pdf},
keywords = {PLSI},
title = {{Probabilistic Latent Semantic Indexing}},
year = {1999}
}
@inproceedings{Dasgupta1999,
author = {Dasgupta, Sanjoy},
booktitle = {FOCS},
file = {:home/diberk/.local/share/data/Mendeley Ltd./Mendeley Desktop/Downloaded/Dasgupta - 1999 - dasgupta.pdf:pdf},
keywords = {Learning Theory,Mixtures of Gaussians},
mendeley-tags = {Learning Theory,Mixtures of Gaussians},
title = {{Learning Mixtures of Gaussians}},
year = {1999}
}
@inproceedings{Chaudhuri2008,
author = {Chaudhuri, Kamalika and Rao, Satish},
booktitle = {COLT},
file = {:home/diberk/.local/share/data/Mendeley Ltd./Mendeley Desktop/Downloaded/Chaudhuri - Unknown - Learning Mixtures of Product Distributions using Correlations and Independence.pdf:pdf},
pages = {9--20},
title = {{Learning Mixtures of Product Distributions using Correlations and Independence}},
year = {2008}
}
@inproceedings{Chaudhuri2008a,
author = {Chaudhuri, Kamalika and Rao, Satish},
booktitle = {COLT},
file = {:home/diberk/.local/share/data/Mendeley Ltd./Mendeley Desktop/Downloaded/Chaudhuri - Unknown - Beyond Gaussians Spectral Methods for Learning Mixtures of Heavy-Tailed Product Distributions.pdf:pdf},
pages = {21--32},
title = {{Beyond Gaussians : Spectral Methods for Learning Mixtures of Heavy-Tailed Product Distributions}},
year = {2008}
}

@article{AnandLDA,
  author    = {Animashree Anandkumar and
               Dean P. Foster and
               Daniel Hsu and
               Sham M. Kakade and
               Yi-Kai Liu},
  title     = {Two SVDs Suffice: Spectral decompositions for probabilistic
               topic modeling and latent Dirichlet allocation},
  journal   = {CoRR},
  volume    = {abs/1204.6703},
  year      = {2012},
  ee        = {http://arxiv.org/abs/1204.6703},
  bibsource = {DBLP, http://dblp.uni-trier.de}
}

@article{VempalaW04,
  author    = {Santosh Vempala and
               Grant Wang},
  title     = {A spectral algorithm for learning mixture models},
  journal   = {J. Comput. Syst. Sci.},
  volume    = {68},
  number    = {4},
  year      = {2004},
  pages     = {841-860},
  ee        = {http://dx.doi.org/10.1016/j.jcss.2003.11.008},
  bibsource = {DBLP, http://dblp.uni-trier.de}
}

@article{MosselRoch,
  author    = {Elchanan Mossel and
               S{\'e}bastien Roch},
  title     = {Learning nonsingular phylogenies and hidden Markov models},
  journal   = {CoRR},
  volume    = {abs/cs/0502076},
  year      = {2005},
  ee        = {http://arxiv.org/abs/cs/0502076},
  bibsource = {DBLP, http://dblp.uni-trier.de}
}

@article{MoitraValiant,
  author    = {Adam Tauman Kalai and
               Ankur Moitra and
               Gregory Valiant},
  title     = {Disentangling Gaussians},
  journal   = {Commun. ACM},
  volume    = {55},
  number    = {2},
  year      = {2012},
  pages     = {113-120},
  ee        = {http://doi.acm.org/10.1145/2076450.2076474},
  bibsource = {DBLP, http://dblp.uni-trier.de}
}

@unpublished{McCallumMALLET,
      author = "Andrew Kachites McCallum",
      title = "MALLET: A Machine Learning for Language Toolkit",
      note = "http://mallet.cs.umass.edu",
      year = 2002}

@unpublished{GibbsLDA,
      author = {Xuan-Hieu Phan and Cam-Tu Nguyen},
      title = "GibbsLDA++: A C/C++ Implementation of Latent Dirichlet Allocation",
      note = "http://gibbslda.sourceforge.net/",
      year = 2008}


@unpublished{Mlcomp,
      author = "Percy Lang",
      title = "MLcomp",
      note = "http://mlcomp.org",
      year = 2010}

@article{BleiCACM,
  author    = {David M. Blei},
  title     = {Probabilistic topic models},
  journal   = {Commun. ACM},
  volume    = {55},
  number    = {4},
  year      = {2012},
  pages     = {77-84},
  ee        = {http://doi.acm.org/10.1145/2133806.2133826},
  bibsource = {DBLP, http://dblp.uni-trier.de}
}

@article{Hofmann04,
  author    = {Thomas Hofmann},
  title     = {Latent semantic models for collaborative filtering},
  journal   = {ACM Trans. Inf. Syst.},
  volume    = {22},
  number    = {1},
  year      = {2004},
  pages     = {89-115},
  ee        = {http://doi.acm.org/10.1145/963770.963774},
  bibsource = {DBLP, http://dblp.uni-trier.de}
}


@inproceedings{BleiCBA,
  author    = {Indraneel Mukherjee and
               David M. Blei},
  title     = {Relative Performance Guarantees for Approximate Inference
               in Latent Dirichlet Allocation},
  booktitle = {NIPS},
  year      = {2008},
  pages     = {1129-1136},
  ee        = {http://books.nips.cc/papers/files/nips21/NIPS2008_0434.pdf},
  crossref  = {DBLP:conf/nips/2008},
  bibsource = {DBLP, http://dblp.uni-trier.de}
}
@proceedings{DBLP:conf/nips/2008,
  editor    = {Daphne Koller and
               Dale Schuurmans and
               Yoshua Bengio and
               L{\'e}on Bottou},
  title     = {Advances in Neural Information Processing Systems 21, Proceedings
               of the Twenty-Second Annual Conference on Neural Information
               Processing Systems, Vancouver, British Columbia, Canada,
               December 8-11, 2008},
  booktitle = {NIPS},
  publisher = {Curran Associates, Inc.},
  year      = {2009},
  bibsource = {DBLP, http://dblp.uni-trier.de}
}

@inproceedings{BleiCM,
  author    = {David M. Blei and
               Thomas L. Griffiths and
               Michael I. Jordan and
               Joshua B. Tenenbaum},
  title     = {Hierarchical Topic Models and the Nested Chinese Restaurant
               Process},
  booktitle = {NIPS},
  year      = {2003},
  ee        = {http://books.nips.cc/papers/files/nips16/NIPS2003_AA03.pdf},
  crossref  = {DBLP:conf/nips/2003},
  bibsource = {DBLP, http://dblp.uni-trier.de}
}
                  
@proceedings{DBLP:conf/nips/2003,
  editor    = {Sebastian Thrun and
               Lawrence K. Saul and
               Bernhard Sch{\"o}lkopf},
  title     = {Advances in Neural Information Processing Systems 16 [Neural
               Information Processing Systems, NIPS 2003, December 8-13,
               2003, Vancouver and Whistler, British Columbia, Canada]},
  booktitle = {NIPS},
  publisher = {MIT Press},
  year      = {2004},
  isbn      = {0-262-20152-6},
  bibsource = {DBLP, http://dblp.uni-trier.de}
}





@unpublished{KosNIPS,
key="XYZ-NIPs",                  
title="Kos, NIPS",
note="http://archive.ics.uci.edu/ml/ datasets/Bag+of+Words"
}                  

@unpublished{MovieLens,
key="XYZ-Movee",
title="MovieLens",
note="http://www.grouplens.org/node/73"
}                  

@unpublished{AP,
key="XYZ-AP",
title="AP",
note="http://www.cs.princeton.edu/~blei/lda-c/index.html"
}
                  
@unpublished{Classic3,
key="XYZ",
title="Med, Cran, Cisi",
url="http://www.dataminingresearch.com/index.php/ 2010/09/classic3-classic4-datasets/"
}

@misc{LDAcode,
  author={David M. Blei},
  title={lda-c},
  year={2003},
  url={http://www.cs.princeton.edu/~blei/lda-c/},
}
@article{chakraborty2011performance,
  title={Performance Comparison of Incremental K-means and Incremental DBSCAN Algorithms},
  author={Chakraborty, Sanjay and Nagwani, NK and Lopamudra, Dey},
  journal={International Journal of Computer Applications},
  volume={27},
  number={11},
  pages={14--18},
  year={2011},
  publisher={Foundation of Computer Science (FCS)}
}
@article{chakraborty2011kmeans,
    title={Performance Evaluation of Incremental K-means Clustering Algorithm},
    author={Chakraborty, Sanjay and N.K. Nagwani},
    journal={IIJDWM},
    volume={1},
    year={2011}
}
@article{chakraborty2011analysis,
  title={Analysis and study of incremental K-Means clustering algorithm},
  author={Chakraborty, Sanjay and Nagwani, NK},
  journal={High Performance Architecture and Grid Computing},
  pages={338--341},
  year={2011},
  publisher={Springer}
}
@inproceedings{sculley2010web,
  title={Web-scale k-means clustering},
  author={Sculley, D},
  booktitle={Proceedings of the 19th international conference on World wide web},
  pages={1177--1178},
  year={2010},
  organization={ACM}
}

@inproceedings{MimnoSparse,
 author = {Yao, Limin and Mimno, David and McCallum, Andrew},
 title = {Efficient methods for topic model inference on streaming document collections},
 booktitle = {Proceedings of the 15th ACM SIGKDD international conference on Knowledge discovery and data mining},
 series = {KDD '09},
 year = {2009},
 isbn = {978-1-60558-495-9},
 location = {Paris, France},
 pages = {937--946},
 numpages = {10},
 url = {http://doi.acm.org/10.1145/1557019.1557121},
 doi = {10.1145/1557019.1557121},
 acmid = {1557121},
 publisher = {ACM},
 address = {New York, NY, USA},
 keywords = {inference, topic modeling},
} 

@inproceedings{Sato:2010:TMP:1835804.1835890,
 author = {Sato, Issei and Nakagawa, Hiroshi},
 title = {Topic models with power-law using Pitman-Yor process},
 booktitle = {Proceedings of the 16th ACM SIGKDD international conference on Knowledge discovery and data mining},
 series = {KDD '10},
 year = {2010},
 isbn = {978-1-4503-0055-1},
 location = {Washington, DC, USA},
 pages = {673--682},
 numpages = {10},
 url = {http://doi.acm.org/10.1145/1835804.1835890},
 doi = {10.1145/1835804.1835890},
 acmid = {1835890},
 publisher = {ACM},
 address = {New York, NY, USA},
 keywords = {Pitman-Yor process, latent dirichlet allocation, nonparametric bayes, power-law, topic model},
} 


@inproceedings{DTM,
 author = {Huh, Seungil and Fienberg, Stephen E.},
 title = {Discriminative topic modeling based on manifold learning},
 booktitle = {Proceedings of the 16th ACM SIGKDD international conference on Knowledge discovery and data mining},
 series = {KDD '10},
 year = {2010},
 isbn = {978-1-4503-0055-1},
 location = {Washington, DC, USA},
 pages = {653--662},
 numpages = {10},
 url = {http://doi.acm.org/10.1145/1835804.1835888},
 doi = {10.1145/1835804.1835888},
 acmid = {1835888},
 publisher = {ACM},
 address = {New York, NY, USA},
 keywords = {dimensionality reduction, document classification, semi-supervised learning, topic modeling},
} 

@inproceedings{Partial,
 author = {Ramage, Daniel and Manning, Christopher D. and Dumais, Susan},
 title = {Partially labeled topic models for interpretable text mining},
 booktitle = {Proceedings of the 17th ACM SIGKDD international conference on Knowledge discovery and data mining},
 series = {KDD '11},
 year = {2011},
 isbn = {978-1-4503-0813-7},
 location = {San Diego, California, USA},
 pages = {457--465},
 numpages = {9},
 url = {http://doi.acm.org/10.1145/2020408.2020481},
 doi = {10.1145/2020408.2020481},
 acmid = {2020481},
 publisher = {ACM},
 address = {New York, NY, USA},
 keywords = {partially supervised learning, text mining},
} 
