@inproceedings{kleinberg2004using,
  title={Using mixture models for collaborative filtering},
  author={Kleinberg, J. and Sandler, M.},
  booktitle={Proceedings of the thirty-sixth annual ACM symposium on Theory of computing},
  pages={569--578},
  year={2004},
  organization={ACM}
}
